% Yotam's BibTeX database

% Use
%   http://liinwww.ira.uka.de/bibliography/waisbib.html#search

@String{AW = {{Ad\-di\-son-Wes\-ley}}}
@String{AW:adr = {Reading Massachusetts}}
@String{DVR = {Dover Publications Inc}}
@String{DVR:adr = {Mineola, N.Y.}}
@String{DVR:oldadr = {Dover Publications, Inc. 180 Varick St., New York 14, N.Y.}}
@String{MCGHL = {McGraw-Hill}}
@String{MCGHLSing = {McGraw-Hill Book Co., Singapore}}
@String{SPRNY = {Springer-Verlag New York Inc.}}
@String{SPRNY:adr = {175 Fifth Avenue, New York, NY 10010, USA}}
@String{UCP = {University of Chicago Press}}
@String{UCP:adr = {University of Chicago Press, Chicago 60637}}
@String{TMH = {tata McGraw-Hill Publishing Company Ltd.}}
@String{TMH:adr = {tata McGraw-Hill Publishing Company Ltd., New Delhi}}

@book{Apostol1961,
    author = "Tom M. Apostol",
    title = "Calculus, 2 vols",
    year = "1967",
    publisher = "John Wiley \& Sons",
    edition = "2",
}

@book{coddington1984theory,
  title={Theory of Ordinary Differential Equations},
  author={Coddington, A. and Levinson, N.},
  isbn={9780898747553},
  lccn={84004438},
  series={International series in pure and applied mathematics},
  url={https://books.google.co.il/books?id=AUAbvgAACAAJ},
  year={1984},
  publisher={R.E. Krieger}
}

@book{foreman2009handbook,
  title={Handbook of Set Theory},
  author={Foreman, M. and Kanamori, A.},
  isbn={9781402057649},
  lccn={2009941207},
  url={https://books.google.co.il/books?id=DLCyehuI0i0C},
  year={2009},
  publisher={Springer Netherlands}
}

@book{hrbacek1999,
  title={Introduction to Set Theory, Third Edition, Revised and Expanded},
  author={Hrbacek, K. and Jech, T.},
  isbn={0-8247-7915-0},
  series={Pure and Applied Mathematics},
  url={https://books.google.co.il/books?id=Er1r0n7VoSEC},
  year={1999},
  publisher={Marcel Dekker Inc.}
}

@book{hrbacek1999introduction,
  title={Introduction to Set Theory, Third Edition, Revised and Expanded},
  author={Hrbacek, K. and Jech, T.},
  isbn={9780824779153},
  lccn={99015458},
  series={Chapman \& Hall/CRC Pure and Applied Mathematics},
  url={https://books.google.co.il/books?id=Er1r0n7VoSEC},
  year={1999},
  publisher={Taylor \& Francis}
}


@book{hrbacek2017introduction,
  title={Introduction to Set Theory, Revised and Expanded},
  author={Hrbacek, K. and Jech, T.},
  isbn={9781482276855},
  series={Chapman \& Hall/CRC Pure and Applied Mathematics},
  url={https://books.google.co.il/books?id=DDsPEAAAQBAJ},
  year={2017},
  publisher={CRC Press}
}

@book{Coddington1989,
  title={{An introduction to ordinary differential equations}},
  author={Coddington, E.A.},
  isbn={9780486659428},
  series={Dover books on advanced mathematics},
  year={1989},
  publisher={Dover Publications}
}

@BOOK{Conway1990, 
  title={A Course in Functional Analysis},
  author={John B. Conway},
  publisher={Springer},
  year={1990},
  edition={2nd},
  totalpages={399},
}

@Book{Dickson1926,
  author =       "Leonard E. Dickson",
  title =        "Algebraic Theories",
  publisher =    DVR,
  address =      DVR:oldadr,
  year =         "1926",
}

@Book{Dug1966,
  author =       "James. Dugundji",
  title =        "Topology",
  publisher =    "Allyn and Bacon",
  address =      "Boston, Mass.",
  year =         "1966",
}


@book{EdwFA,
 author={R. E. Edwards},
 title={Functional Analysis: Theory and Applications},
 year={1995},
 publisher={Dover Publications Inc.},
 isbn={0486681432}
}

% http://lead.to/amazon
@BOOK{Fabian2001,
  title={Functional Analysis and Infinite-Dimensional Geometry},
  author={Marian Fabian and Petr Habala and Petr Hajek and Vicente Montesinos Santalucia and Jan Pelant and Vaclav Zizler},
  publisher={Springer},
  year={2001},
  month={5},
  edition={1},
  isbn={9780387952192},
  totalpages={464},
  timestamp={2010.01.04},
}

@BOOK{Garling2007,
 title={Inequalities: A Journey into Linear Analysis},
 author={D. J. H. Garling},
 publisher={Cambridge University Press},
 year={2007},
 month={7},
 edition={1},
 isbn={9780521699730},
 url={http://amazon.com/o/ASIN/0521699738/},
 price={\$47.00},
 totalpages={346},
 timestamp={2009.03.28},
}


% http://lead.to/amazon
@BOOK{Gamelin2003,
 title={Complex Analysis},
 author={Theodore W. Gamelin},
 publisher={Springer},
 year={2003},
 month={7},
 edition={Corrected},
 isbn={9780387950693},
 totalpages={464},
 timestamp={2009.01.02},
}

% http://www.ams.org/mrlookup
% book {MR1996162,
@Book{Gelb1996,
    author = "Gelbaum, Bernard R. and Olmsted, John M. H.",
     title = "Counterexamples in Analysis",
 publisher = "Dover Publications Inc.",
   address = "Mineola, NY",
      year = "2003",
     pages = "xxiv+195",
      isbn = "0-486-42875-3",
   mrclass = "26-00",
  mrnumber = "1 996 162",
}


@Book{GKP:CMATH,
  author =       "R. L. Graham and D. E. Knuth and O. Patashnik",
  title =        "Concrete Mathematics",
  edition =      "2",
  publisher =    "Addison-Wesley",
  address =      "Reading, USA",
  year =         "1995",
  ISBN =         "0-201-55802-5",
  descriptor =   "Algorithmenanalyse, Algorithmus, Mathematik",
  annote =       "Das Buch stellt die Mathematik zusammen, die man
                 benoetigt, um Algorithmen zu analysieren.",
}

@Book{Hardy:1952:I,
  author =       "G. H. Hardy and J. E. Littlewood and G. P{\'o}lya",
  title =        "Inequalities",
  edition =      "Second",
  publisher =    "Cambridge University Press",
  pages =        "xii+324",
  year =         "1952",
}

@book{Jech2006Set,
  title={Set Theory: The Third Millennium Edition, revised and expanded},
  author={Jech, T.},
  isbn={9783540440857},
  lccn={2002030443},
  series={Springer Monographs in Mathematics},
  url={https://books.google.co.il/books?id=WTAl997XDb4C},
  year={2006},
  publisher={Springer Berlin Heidelberg}
}

% http://lead.to/amazon/en/?key=hartshorne+euclid&si=owb&op=bt&so=sa&ht=us
@BOOK{Hartshorne200509,
  title={Geometry: Euclid and Beyond},
  author={Robin Hartshorne},
  publisher={Springer},
  year={2005},
  month={9},
  edition={1st ed. 2000. Corr. 4th printing},
  isbn={0387986502},
  url={http://amazon.com/o/ASIN/0387986502/},
  totalpages={544},
  timestamp={2007.12.10},
}

% % http://liinwww.ira.uka.de/csbib
% <AtSign> Book{Herstein-1975,
%   author =	"I. N. Herstein",
%   title =	"Topics in Algebra",
%   publisher =	"Xerox College Publishing",
%   year = 	"1975",
%   edition =	"2nd",
%   owner =	"Hugo Tullberg 06/99",
% }
% http://lead.to/amazon/en/?key=Herstein+topics+in+algebr ...
@BOOK{Herstein1975,
  title={Topics in Algebra},
  author={I. N. Herstein},
  publisher={Wiley},
  year={1975},
  month={6},
  edition={2},
  isbn={9780471010906},
  url={http://amazon.com/o/ASIN/0471010901/},
  totalpages={400},
  timestamp={2008.08.16},
}


@Book{Kap74,
  author =       "Irving Kaplansky",
  title =        "Fields and Rings",
  publisher =    UCP,
  address =      UCP:adr,
  year =         "1972",
  edition =      "2.",
  ISBN =         {0-226-42450-2},
}

@BOOK{Katz76,
    AUTHOR    = "Yitzhak Katznelson",
    TITLE     = "An Introduction to Harmonic Analysis",
    PUBLISHER = Dover,
    ADDRESS   = NY,
    YEAR      = 1976
    }

@book{kelley2017general,
  title={General Topology},
  author={Kelley, J.L.},
  isbn={9780486820668},
  series={Dover Books on Mathematics},
  url={https://books.google.co.il/books?id=kgxHDgAAQBAJ},
  year={2017},
  publisher={Dover Publications}
}

@book{kunen2011set,
  title={Set Theory},
  author={Kunen, K.},
  isbn={9781848900509},
  series={Studies in logic},
  url={https://books.google.co.il/books?id=Zn8ppwAACAAJ},
  year={2011},
  publisher={College Publications}
}

% alias for next Lang94
@Book{Lan94,
  author =       "Serge Lang",
  title =        "Algebra",
  publisher =    AW,
  address =      AW:adr,
  year =         "1994",
  edition =      "3.",
  ISBN =         {0-201-55540-9},
}

% 
@book{Levy2002Basic,
  title={Basic Set Theory},
  author={Levy, A.},
  number={v. 13},
  isbn={9780486420790},
  lccn={2002022292},
  series={Basic set theory},
  url={https://books.google.co.il/books?id=hwrmDAAAQBAJ},
  year={2002},
  publisher={Dover Publications}
}

@Book{Lang94,
  author =       "Serge Lang",
  title =        "Algebra",
  publisher =    AW,
  address =      AW:adr,
  year =         "1994",
  edition =      "3.",
  ISBN =         {0-201-55540-9},
}

% via http://lead.to/amazon/en
@BOOK{LiebLoss200104,
title={Analysis (Graduate Studies in Mathematics)},
author={Elliott H. Lieb and Michael Loss},
publisher={American Mathematical Society},
year={2001},
month={4},
edition={2nd},
isbn={9780821827833},
url={http://amazon.com/o/ASIN/0821827839/},
totalpages={346},
timestamp={2008.08.05},
}

@book{munkres2000topology,
  title={Topology},
  author={Munkres, J.R.},
  isbn={9780131816299},
  lccn={99052942},
  series={Featured Titles for Topology},
  url={https://books.google.co.il/books?id=XjoZAQAAIAAJ},
  year={2000},
  publisher={Prentice Hall, Incorporated}
}

@Article{Myerson:1991:FCF,
  author =       "G. Myerson",
  title =        "First-class functions",
  journal =      j-AMER-MATH-MONTHLY,
  volume =       "98",
  number =       "3",
  pages =        "237--240",
  month =        mar,
  year =         "1991",
  CODEN =        "AMMYAE",
  ISSN =         "0002-9890",
  MRclass =      "26A21",
  MRnumber =     "92f:26008",
  MRreviewer =   "El\.zbieta Wagner",
  bibdate =      "Wed Dec 3 17:17:33 MST 1997",
  acknowledgement = ack-nhfb,
}

@Book{McCarthy91,
  author =       "Paul J. McCarthy",
  title =        "Algebraic Extensions of Fields",
  publisher =    DVR,
  address =      DVR:adr,
  year =         "1991",
  edition =      "2.",
  ISBN =         {0486-66651-4},
}

@BOOK{Megginson1998,
  title={An Introduction to Banach Space Theory},
  series={Graduate Texts in Mathematics},
  author={Robert E. Megginson},
  publisher={Springer},
  year={1998},
  month={10},
  edition={1},
  isbn={9780387984315},
  totalpages={596},
  timestamp={2010.07.21},
}


@BOOK{Munkres2000,
  title={Topology},
  author={James R. Munkres},
  publisher={Pearson Prentice Hall},
  address={New Delhi, India},
  year={2000},
  edition={2nd, Low Price Edition},
  isbn={9780876922903},
}

@Book{Oxtoby1980,
  author =      "J. C. Oxtoby",
  title =       "Measure and category",
  series =      "Graduate texts in Mathematics",
  volume =      "2",
  publisher =   SPRNY,
  year =        "1980",
  edition =     "2",
  ISBN =        "0-387-90508-1",
}

@Book{Rose78,
  author =       "John S.\ Rose",
  title =        "A Course on Group Theory",
  publisher =    "Cambridge University Press",
  year =         "1978",
  address =      "London, New York, Melbourne",
}

@Book{Rose94,
  author =       "John S.\ Rose",
  title =        "A Course on Group Theory",
  publisher =    DVR,
  address =      DVR:adr,
  year =         "1994",
}

% http://cr.yp.to/bib/1988/royden.bibtex
@book{1988-royden
,edition={3rd}
,title={{Real analysis}}
,booktitle={{Real analysis}}
,author={Halsey L. Royden}
,publisher={Macmillan}
,address={New York}
,year={1988}
}

@book{Royden
,edition={3rd}
,title={{Real analysis}}
,booktitle={{Real analysis}}
,author={Halsey L. Royden}
,publisher={Prentice-Hall of India}
,address={New Delhi - 110 001}
,year={2003}
,isbn="81-203-0973-1"
}

@Book{RudinPMA85,
  author =       "Walter Rudin",
  title =        "Principles of Mathematical Analysis",
  publisher =    MCGHL,
  year =         "1985",
  edition =       3
}

@Book{RudinRCA80,
  author =       "Walter Rudin",
  title =        "Real and Complex Analysis",
  publisher =    TMH,
  address =      TMH:adr,
  year =         "1980",
  edition =       2
}

@Book{RudinRCA87,
  author =       "Walter Rudin",
  title =        "Real and Complex Analysis",
  publisher =    MCGHLSing,
  year =         "1987",
  edition =       3,
  isbn =         "0-07-100276-6"
}

@Book{RudinFA79,
  author =       "Walter Rudin",
  title =        "Functional Analysis",
  publisher =    TMH,
  address =      TMH:adr,
  year =         "1979",
  edition =       2
}

% http://banach.univ.gda.pl/saks.html
@Book{Saks37,
  author =       "Stanislaw Saks",
  title =        "Theory of the Integral",
  publisher =    "Polish Mathematical Society",
  address =      "Warszawa-Lw\'ow",
  year =         "1937",
}

@Book{Scott64,
  author =       "William. R. Scott",
  title =        "Group Theory",
  publisher =    DVR,
  address =      DVR:adr,
  year =         "1964",
}

@Book{Scott87,
  author =       "William. R. Scott",
  title =        "Group Theory",
  publisher =    DVR,
  address =      DVR:adr,
  year =         "1987",
}

@Book{Rotman98,
  author =       "Joseph Rotman",
  title =        "Galois Theory",
  publisher =    SPRNY,
  address =      SPRNY:adr,
  year =         "1998",
  edition =      "2.",
  ISBN =         {0-387-98541},
}

@Book{VW,
  author =       "J.H. Van Lint et R.M. Wilson",
  title =        "A course in Combinatorics",
  publisher =    "Cambridge University",
  year =         "1992",
}

@techreport{Viaclovsky:18125:lec20,
  author = "Jeff Viaclovsky",
  title = "Measure and Integration --- Lecture 20",
  institution = "MIT Open Coursware",
  year = "2003",
  note = "http://ocw.mit.edu/OcwWeb/Mathematics/18-125Fall2003/LectureNotes",
  url = "http://ocw.mit.edu/NR/rdonlyres/Mathematics/18-125Fall2003/BE234CC4-CE3C-4C0B-BD4A-049104E09868/0/18125_lec20.pdf
",
}

@misc{WangFrederic,
  title={personnal notes on the exercices of the book of Kenneth Kunen "Set Theory"},
  author={Frederic Wang},
  howpublished = "\url{https://frederic-wang.fr/mathematics/set-theory/kunen/chapter_1.html}",
}

% http://lead.to/amazon
@techreport{Watkins:fnleqn,
  author = "Matthew R. Watkins",
  title = "The Zeta Function",
  institution = "Exeter University's School of Engineering",
  year = "2008",
  note = "http://www.secamlocal.ex.ac.uk/people/staff/mrwatkin/zeta/bump-fnleqn.ps",
  url = "http://www.secamlocal.ex.ac.uk/people/staff/mrwatkin/zeta/bump-fnleqn.ps",
}

@book{wermer2013banach,
  title={Banach Algebras and Several Complex Variables},
  author={Wermer, J.},
  isbn={9781475738780},
  series={Graduate Texts in Mathematics},
  url={https://books.google.co.il/books?id=cCoBCAAAQBAJ},
  year={2013},
  publisher={Springer New York}
}

@misc{wikipedia:Milner:Rado,
  title={Milner-Rado paradox},
  author={Wikipedia},
  howpublished = "\url{en.wikipedia.org/wiki/Milner-Rado_paradox}",
}

@Book{Zygmund:TS-I-II-68,
  author =       "A. Zygmund",
  title =        "Trigonometric Series {I} and {II}",
  edition =      "Second",
  publisher =    "pub-cup",
  address =      "pub-cup:adr",
  year =         "1968",
}


@Book{Zyg:2002,
  author =       "Antony. Zygmund",
  title =        "Trigonometric Series {I} and {II}",
  edition =      "Third",
  publisher =    "Cambridge University Press",
  address =      "The Edinburgh Building, Cambridge CB2 2RU, UK",
  year =         "2002",
}

